@inproceedings{ray1999determination,
  title={Determination of number of clusters in k-means clustering and application in colour image segmentation},
  author={Ray, Siddheswar and Turi, Rose H},
  booktitle={Proceedings of the 4th international conference on advances in pattern recognition and digital techniques},
  pages={137--143},
  year={1999}
}

@inproceedings{raniwala2005architecture,
  title={Architecture and algorithms for an IEEE 802.11-based multi-channel wireless mesh network},
  author={Raniwala, Ashish and Chiueh, Tzi-cker},
  booktitle={INFOCOM 2005. 24th Annual Joint Conference of the IEEE Computer and Communications Societies. Proceedings IEEE},
  volume={3},
  pages={2223--2234},
  year={2005},
  organization={IEEE}
}
