%% This BibTeX bibliography file was created using BibDesk.
%% http://bibdesk.sourceforge.net/


%% Created for PFaucon at 2014-12-10 00:48:40 -0700 


%% Saved with string encoding Unicode (UTF-8) 



@article{YikYak,
	Author = {https://digiday.com/platforms/inside-yik-yak-anonymous-sharing-app-sweeping-colleges/},
	Date-Added = {2014-12-10 07:48:16 +0000},
	Date-Modified = {2014-12-10 07:48:40 +0000},
	Title = {Yik Yak}}

@inproceedings{ray1999determination,
	Author = {Ray, Siddheswar and Turi, Rose H},
	Booktitle = {Proceedings of the 4th international conference on advances in pattern recognition and digital techniques},
	Pages = {137--143},
	Title = {Determination of number of clusters in k-means clustering and application in colour image segmentation},
	Year = {1999}}

@inproceedings{raniwala2005architecture,
	Author = {Raniwala, Ashish and Chiueh, Tzi-cker},
	Booktitle = {INFOCOM 2005. 24th Annual Joint Conference of the IEEE Computer and Communications Societies. Proceedings IEEE},
	Organization = {IEEE},
	Pages = {2223--2234},
	Title = {Architecture and algorithms for an IEEE 802.11-based multi-channel wireless mesh network},
	Volume = {3},
	Year = {2005}}
